@inproceedings {CN,
  author =  {Colin Runciman and Niklas Rojemo},
  title  =  {New Dimensions in heap profiling},
  booktitle = "",
  pages = "",
  year = "1994" }

@inproceedings {RR,
  author =  {Niklas Rojemo and Colin Runciman},
  title  =  {Lag, drag, void and use - heap profiling and space-efficient compilation revisited},
  booktitle = "",
  pages = "",
  year = "1996" }

