@misc{reillyjw92a,
  author =	"Jeff Reilly",
  title =	"{Unix Systems Performance, Intel}; personal communication",
  year =	1992,
  month =	jun,
  bibdate =	"1992/06/24 11:42",
}
